% !TeX encoding = UTF-8
% This file contains various sample entries for testing the
% biblatex package. It is distributed under the
% Creative Commons Attribution 3.0-Unported License (CC BY 3.0). 
% A copy of that license is available at
%    http://creativecommons.org/licenses/by/3.0/deed.en_GB}


@inbook{Fiat:1987,
	author = {Fiat, Amos and Shamir, Adi},
	title = {How To Prove Yourself: Practical Solutions to Identification and Signature Problems},
	booktitle = {Advances in Cryptology -- CRYPTO' 86},
	editor = {Odlyzko, Andrew M},
	series = {Lecture Notes in Computer Science},
	volume = {263},
	publisher = {Springer Berlin Heidelberg},
	pages = {186--194},
	date = {1987},
},

@article{articleID,
	author = {author},
	title = {title},
	journaltitle = {journaltitle},
	date = {date},
}

@book{bookID,
	author = {author},
	title = {title},
	date = {date},
}

@inproceedings{inproocID,
	author = {author},
	editor = {editor},
	title = {title},
	booktitle = {booktitle},
	date = {date},
}


@online{onlineID,
	title = {title},
	date = {date},
	url = {url},
}

@report{reportID,
	author = {author},
	title = {title},
	type = {type},
	institution = {institution},
	date = {date},
}

@misc{miscID,
	title = {title},
	date = {date},
}

@MISC{attribpackage,
  author =       {Matt Swift},
  title =        {The attrib LaTeX package
attribution of block elements (Frankensteinâ€™s hat)},
  year =         {1999},
  url =          {http://cs.brown.edu/about/system/managed/latex/doc/attrib.pdf}
}



